<record><leader>00000cas a22000007a 4500</leader><controlfield tag="001">15604522</controlfield><controlfield tag="008">870428d19331972iaucr ne      0    0eng d</controlfield><datafield ind1=" " ind2=" " tag="010"><subfield code="a">sn 87057412 </subfield></datafield><datafield ind1=" " ind2=" " tag="040"><subfield code="a">INP</subfield><subfield code="b">eng</subfield><subfield code="c">INP</subfield><subfield code="d">OCLCQ</subfield></datafield><datafield ind1=" " ind2=" " tag="042"><subfield code="a">msc</subfield></datafield><datafield ind1="0" ind2="0" tag="245"><subfield code="a">Clarinda herald-journal.</subfield></datafield><datafield ind1="3" ind2="0" tag="246"><subfield code="a">Herald journal</subfield></datafield><datafield ind1=" " ind2=" " tag="260"><subfield code="a">Clarinda, Iowa :</subfield><subfield code="b">Clarinda Pub. Co.,</subfield><subfield code="c">1933-1972.</subfield></datafield><datafield ind1=" " ind2=" " tag="300"><subfield code="a">42 v.</subfield></datafield><datafield ind1=" " ind2=" " tag="310"><subfield code="a">Semiweekly</subfield></datafield><datafield ind1="0" ind2=" " tag="362"><subfield code="a">Vol. 73, no. 18 (Jan. 2, 1933)-v. 114, no. 64 (Aug. 10, 1972).</subfield></datafield><datafield ind1=" " ind2=" " tag="500"><subfield code="a">"Clarinda" appears within title ornament, &lt;Aug. 13, 1959&gt;-Aug. 10, 1972.</subfield></datafield><datafield ind1=" " ind2=" " tag="500"><subfield code="a">Title varies slightly.</subfield></datafield><datafield ind1=" " ind2=" " tag="515"><subfield code="a">Occasional errors in numbering.</subfield></datafield><datafield ind1=" " ind2=" " tag="752"><subfield code="a">United States</subfield><subfield code="b">Iowa</subfield><subfield code="c">Page</subfield><subfield code="d">Clarinda.</subfield></datafield><datafield ind1="0" ind2="4" tag="780"><subfield code="t">Clarinda daily herald</subfield></datafield><datafield ind1="0" ind2="4" tag="780"><subfield code="t">Clarinda journal (Clarinda, Iowa : 1893)</subfield><subfield code="w">(DLC)sn 87057410</subfield></datafield><datafield ind1="0" ind2="0" tag="785"><subfield code="t">Clarinda, Iowa herald-journal</subfield><subfield code="w">(DLC)sn 87057502</subfield></datafield></record>